@misc{ejmste,
    title = "Eurasia Journal of Mathematics, Science and Technology Education",
    author = "Pedro Jose Arrifano Tadeu",
    publisher = "Communication and Sports-Polytechnic University of Guarda",
    howpublished = {\url{https://cindyelkins.edublogs.org/2018/01/20/fractions-part-i/}},
    year = 2024
}
